<?xml version="1.0" encoding="UTF-8"?><collection xmlns="http://www.loc.gov/MARC21/slim"><record><leader>00680nam--2200217-u-4500</leader><controlfield tag="001">000052811</controlfield><controlfield tag="002">20161230</controlfield><controlfield tag="005">20161230201050</controlfield><controlfield tag="008">101108s1000------------r-----000-0-eng-d</controlfield><datafield ind1=" " ind2=" " tag="020"><subfield code="a">0470418370</subfield></datafield><datafield ind1=" " ind2=" " tag="040"><subfield code="a">IFIN-HH</subfield></datafield><datafield ind1=" " ind2=" " tag="080"><subfield code="a">535-1.08</subfield></datafield><datafield ind1="1" ind2=" " tag="100"><subfield code="a">Hudson, Richard D</subfield></datafield><datafield ind1="1" ind2="0" tag="245"><subfield code="a">Infrared detectors</subfield><subfield code="b">Benchmark papers in optics/2</subfield><subfield code="c">RICHARD D. HUDSON, JACQUELINE WORDSWORTH HUDSON (Eds.)</subfield></datafield><datafield ind1=" " ind2=" " tag="260"><subfield code="a">Stoudsburg, Pensylvania</subfield><subfield code="b">Dowden, Hutchinson And Ross, Inc</subfield><subfield code="c">1975</subfield></datafield><datafield ind1=" " ind2=" " tag="300"><subfield code="a">392 P</subfield></datafield><datafield ind1=" " ind2=" " tag="490"><subfield code="a">A Benchmark Book Series</subfield></datafield><datafield ind1=" " ind2="0" tag="650"><subfield code="a">Infrared detectors - Materials</subfield></datafield><datafield ind1="1" ind2=" " tag="700"><subfield code="a">Wordsworth Hudson, Jacqueline</subfield></datafield><datafield ind1=" " ind2=" " tag="852"><subfield code="a">43178</subfield><subfield code="c">535</subfield></datafield><datafield ind1=" " ind2=" " tag="CAT"><subfield code="a">Sys</subfield><subfield code="c">20101108</subfield><subfield code="h">115037</subfield></datafield></record></collection>